@article{bernardini00,
  author={Bernardini, Rosa and Filippucci, Carlo},
  year={2000},
  title={Inference from non-random samples: a maximum entropy approach},
  booktitle={ICES, session 54},
  url={http://www.amstat.org/meetings/ices/2000/proceedings/S54.pdf}
}

@article{fricker08,
  title={Sampling methods for web and e-mail surveys},
  author={Fricker, Ronald D},
  journal={N. Fielding},
  pages={195--216},
  year={2008}
}

@article{gelman97,
  title={Poststratification into many categories using hierarchical logistic regression},
  author={Gelman, Andrew and Little, Thomas C},
  year={1997},
  publisher={Citeseer}
}


@article{hill07,
  title={The opt-in Internet panel: Survey mode, sampling methodology and the implications for political research},
  author={Hill, Seth J and Lo, James and Vavreck, Lynn and Zaller, John},
  journal={Unpublished manuscript at the University of California, Los Angeles, California},
  year={2007},
  url={http://sjhill.bol.ucla.edu/HillLoVavreckZaller2007.pdf}
}

@book{gelman07,
  title={Data analysis using regression and multilevel/hierarchical models},
  author={Gelman, Andrew and Hill, Jennifer},
  editor={Cambridge: Cambridge University Press},
  volume={18},
  year={2007}
}

@book{groves04,
  title={Survey errors and survey costs},
  author={Groves, Robert M},
  volume={536},
  year={2004},
  publisher={John Wiley \& Sons}
}

@techreport{gutierrez12,
     title = {Levantamiento, captura y análisis de línea base que servirá para medir el impacto de los proyectos de previsión social del delito con participación ciudadana derivados del SUBSEMUN 2012. Reporte de estadísticas descriptivas de línea base.},
     author = {Gutiérrez Reyes, JP and Ruvalcaba, A and Dyer, D},
     group = {Centro de Investigación en Evaluación y Encuestas (CIEE)},
     year = {2012},
     institution = {Instituto Nacional de Salud Pública},
     month = {08}
}

@article{kastellec10,
  title={Estimating state public opinion with multi-level regression and poststratification using R},
  author={Kastellec, Jonathan P and Lax, Jeffrey R and Phillips, Justin},
  journal={Unpublished manuscript, Princeton University},
  year={2010},
  url={http://www.princeton.edu/~jkastell/MRP_primer/mrp_primer.pdf}
}

@article{lax09,
  title={Gay rights in the states: Public opinion and policy responsiveness},
  author={Lax, Jeffrey R and Phillips, Justin H},
  journal={American Political Science Review},
  volume={103},
  number={03},
  pages={367--386},
  year={2009},
  publisher={Cambridge Univ Press}
}

@article{lax13,
  title={How should we estimate sub-national opinion using MRP? preliminary findings and recommendations},
  author={Lax, Jeffrey R and Phillips, Justin H},
  journal={Midwest Political Science Association},
  year={2013}
}


@article{little14,
  title={Survey sampling: Past controversies, current orthodoxy, future paradigms},
  author={Little, Roderick JA},
  journal={Past, Present, and Future of Statistical Science},
  pages={411},
  year={2014},
  publisher={CRC Press}
}

@article{marshall96,
  title={Sampling for qualitative research},
  author={Marshall, Martin N},
  journal={Family practice},
  volume={13},
  number={6},
  pages={522--526},
  year={1996},
  publisher={Oxford Univ Press}
}

@article{park06,
  title={State level opinions from national surveys: Poststratification using multilevel logistic regression},
  author={Park, David K and Gelman, Andrew and Bafumi, Joseph},
  journal={Public opinion in state politics},
  pages={209--28},
  year={2006},
  publisher={Stanford University Press Stanford}
}


@inproceedings{rivers07,
  title={Sampling for web surveys},
  author={Rivers, Douglas},
  booktitle={Joint Statistical Meetings},
  year={2007},
  url={http://www.laits.utexas.edu/txp_media/html/poll/files/Rivers_matching.pdf}
}


@article{small09,
  title={How many cases do I need?'On science and the logic of case selection in field-based research},
  author={Small, Mario Luis},
  journal={Ethnography},
  volume={10},
  number={1},
  pages={5--38},
  year={2009},
  publisher={SAGE Publications}
}


@article{vehovar08,
  title={Overview: online surveys},
  author={Vehovar, Vasja and Manfreda, K Lozar},
  journal={The SAGE handbook of online research methods},
  pages={177--194},
  year={2008},
  publisher={Sage: London, UK}
}

% Paquetes

@Manual{mrp,
  title = {mrp: Multilevel Regression and Poststratification},
  author = {Michael Malecki and Jeffrey R. Lax and Andrew Gelman and Wei Wang},
  year = {2013},
  note = {R package version 1.0-1},
}

@Manual{mrpdata,
  title = {mrpdata: Supplemental Data for Multilevel Regression and Poststratification},
  author = { Michael Malecki and Jeffrey R. Lax and Andrew Gelman},
  year = {2013},
  note = {R package version 1.0},
}

