@techreport{frazzoli10,
     title = {Principles of Autonomy and Decision Making},
     author = {Frazzoli, E.},
     group = {Aeronautics and Astronautics (MIT)},
     year = {2010},
     institution = {Massachusetts Insitute of Techonolgy (MIT)},
     month = {11}
}

@techreport{bilmes98,
	title = {A Gentle Tutorial of the EM Algorithm and its Application to Parameter Estimation for Gaussian Mixture and Hidden Markov Models},
	author = {Bilmes, Jeff},
	year = {1998},
	institution = {International Computer Science Institute, Berkeley},
	month = {4}
}

@techreport{stamp12,
	title = {A Revealing Introduction to Hidden Markov Models},
	author = {Stamp, Mark},
	year = {2012},
	institution = {San Jose State University},
	month = {9}
}

% Paquetes

@Manual{hmm,
  title = {HMM: Hidden Markov Models},
  author = {Dr. Lin Himmelmann},
  year = {2010},
  note = {R package version 1.0},
}